@inproceedings{lehner2014reduction,
  title={On the reduction of false positives in singing voice detection},
  author={Lehner, Bernhard and Widmer, Gerhard and Sonnleitner, Reinhard},
  booktitle={2014 IEEE International Conference on Acoustics, Speech and Signal Processing (ICASSP)},
  pages={7480--7484},
  year={2014},
  organization={IEEE}
}

@inproceedings{lehner2015monaural,
  title={Monaural blind source separation in the context of vocal detection},
  author={Lehner, Bernhard and Widmer, Gerhard},
  booktitle={pr{\'e}sent{\'e} {\`a} 16th International Society for Music Information Retrieval Conference (ISMIR), At Malaga, Spain},
  year={2015}
}


@TechReport{Serra89asystem,
  Title                    = {A System for Sound Analysis/Transformation/Synthesis Based on a Deterministic Plus Stochastic Decomposition},
  Author                   = {Xavier Serra},
  Year                     = {1989}
}


@Article{salamon2012melody,
  Title                    = {Melody extraction from polyphonic music signals using pitch contour characteristics},
  Author                   = {Salamon, Justin and G{\'o}mez, Emilia},
  Journal                  = {IEEE Transactions on Audio, Speech, and Language Processing},
  Year                     = {2012},
  Number                   = {6},
  Pages                    = {1759--1770},
  Volume                   = {20},

  Publisher                = {IEEE}
}


@article{durrieu2011musically,
  title={A musically motivated mid-level representation for pitch estimation and musical audio source separation},
  author={Durrieu, Jean-Louis and David, Bertrand and Richard, Ga{\"e}l},
  journal={IEEE Journal of Selected Topics in Signal Processing},
  volume={5},
  number={6},
  pages={1180--1191},
  year={2011},
  publisher={IEEE}
}